@conference{schuller2015,
  author = {Dr. F. P. Schuller},
  booktitle = {The WE-Heraeus International Winter School
on Gravity and Light},
  editor = {Richie Dadhley},
  year = {2015}
}

@book{carroll,
  author = {Sean Carroll},
  publisher = {Cambridge University Press},
  title = {Spacetime and Geometry: An Introduction to General Relativity},
  year = {2019}
}

@misc{Nelson,
  author = {Yokomizo, Nelson},
  title = {Notas de Aula}
}

@book{schutz1985,
  author  = {Schutz, Bernard F.},
  title   = {A first course in general relativity},
  publisher = {Cambridge University Press},
  year    = {1985}
}
